001  0000137
005  20170816145758.972
008  170704s||||     bl|||||||||||||||||por|u
020    $a978856265459207
040    $aPorto Alegre$bpor
100 1  $aFreitas, Denise Martins
245 10 $aMares in versus$cDenise Martins Freitas
260    $a Itajaí$bCasa Aberta Editora$c2010
300    $a61 p.
650    $aPoesias
650    $aMar
650    $aPoemas
